@MISC{dloverview,
  author = {JÃ¼rgen Schmidhuber},
  title = {Deep learning in neural networks: An overview},
  publisher = {The Swiss AI Lab IDSIA},
  year = {2014},
  month = {October},
  howpublished = "\url{http://www.sciencedirect.com/science/article/pii/S0893608014002135}"
}

% Optional fields: editor, volume/number, series, pages, address, month, organization, publisher, note
@MISC{NIPS2012_4824,
  title = {ImageNet Classification with Deep Convolutional Neural Networks},
  author = {Alex Krizhevsky and Sutskever, Ilya and Geoffrey E. Hinton},
  booktitle = {Advances in Neural Information Processing Systems 25},
  editor = {F. Pereira and C. J. C. Burges and L. Bottou and K. Q. Weinberger},
  pages = {1097--1105},
  year = {2012},
  publisher = {Curran Associates, Inc.},
  howpublished = "\url{http://papers.nips.cc/paper/4824-imagenet-classification-with-deep-convolutional-neural-networks.pdf}"
}

@MISC{go,
  title = {Mastering the Game of Go with Deep Neural Networks and
Tree Search},
  author = {David Silver, Aja Huang},
  year = {2016},
  howpublished = "\url{http://airesearch.com/wp-content/uploads/2016/01/deepmind-mastering-go.pdf}"
}

@MISC{wavenet,
  title = {WaveNet: A Generative Model for Raw Audio},
  author = {Aaron van den Oord, Sander Dieleman},
  year = {2016},
  howpublished = "\url{https://arxiv.org/pdf/1609.03499.pdf}"
}

% Optional fields: author, title, howpublished, month, year, note
@MISC{hfo,
  title = {Half Field Offense: An Environment for Multiagent
Learning and Ad Hoc Teamwork},
  author = {Matthew Hausknecht, Prannoy Mupparaju},
  year = {2016},
  howpublished = "\url{http://www.cs.utexas.edu/~pstone/Papers/bib2html-links/ALA16-hausknecht.pdf}"

}